<record><leader>00000cas a22000007a 4500</leader><controlfield tag="001">25700983</controlfield><controlfield tag="008">920423d1uuu19uutxuwr ne      0    0ger d</controlfield><datafield ind1=" " ind2=" " tag="010"><subfield code="a">sn 92066405 </subfield></datafield><datafield ind1=" " ind2=" " tag="040"><subfield code="a">PPM</subfield><subfield code="b">eng</subfield><subfield code="c">PPM</subfield><subfield code="d">OCL</subfield><subfield code="d">OCLCQ</subfield></datafield><datafield ind1=" " ind2=" " tag="043"><subfield code="a">n-us-tx</subfield></datafield><datafield ind1="0" ind2=" " tag="130"><subfield code="a">Missions-Freund (New Braunfels, Tex.)</subfield></datafield><datafield ind1="1" ind2="4" tag="245"><subfield code="a">Der Missions-Freund.</subfield></datafield><datafield ind1="3" ind2="0" tag="246"><subfield code="a">Der Missionsfreund</subfield></datafield><datafield ind1=" " ind2=" " tag="260"><subfield code="a">New Braunfels, Tex. :</subfield><subfield code="b">A.C. Coers</subfield></datafield><datafield ind1=" " ind2=" " tag="300"><subfield code="a">v.</subfield></datafield><datafield ind1=" " ind2=" " tag="310"><subfield code="a">Weekly</subfield></datafield><datafield ind1=" " ind2=" " tag="546"><subfield code="a">In German.</subfield></datafield><datafield ind1=" " ind2=" " tag="588"><subfield code="a">Description based on: Jahrg. 14, no. 33 (16 Mai 1908).</subfield></datafield><datafield ind1=" " ind2="0" tag="650"><subfield code="a">Germans</subfield><subfield code="z">Texas</subfield><subfield code="z">New Braunfels</subfield><subfield code="v">Newspapers.</subfield></datafield><datafield ind1=" " ind2=" " tag="752"><subfield code="a">United States</subfield><subfield code="b">Texas</subfield><subfield code="c">Comal</subfield><subfield code="d">New Braunfels.</subfield></datafield></record>